<record><leader>00000cas a2200000 a 4500</leader><controlfield tag="001">9862045</controlfield><controlfield tag="008">830830d17691776mauwr ne      0    0eng c</controlfield><datafield ind1=" " ind2=" " tag="010"><subfield code="a">sn 83020408 </subfield></datafield><datafield ind1=" " ind2=" " tag="040"><subfield code="a">NPX</subfield><subfield code="b">eng</subfield><subfield code="c">NPX</subfield><subfield code="d">NPA</subfield><subfield code="d">NPY</subfield><subfield code="d">NPU</subfield><subfield code="d">DLC</subfield><subfield code="d">NJW</subfield><subfield code="d">KNP</subfield><subfield code="d">MFN</subfield><subfield code="d">MGN</subfield><subfield code="d">KNP</subfield><subfield code="d">MGN</subfield><subfield code="d">HUL</subfield><subfield code="d">CNK</subfield><subfield code="d">NVF</subfield><subfield code="d">FUG</subfield><subfield code="d">NVK</subfield><subfield code="d">OCL</subfield><subfield code="d">CVF</subfield><subfield code="d">DLC</subfield><subfield code="d">OCLCG</subfield><subfield code="d">CFI</subfield><subfield code="d">KRTAS</subfield><subfield code="d">DLC</subfield><subfield code="d">OCLCQ</subfield><subfield code="d">OCLCF</subfield><subfield code="d">OCLCO</subfield></datafield><datafield ind1=" " ind2=" " tag="042"><subfield code="a">pcc</subfield></datafield><datafield ind1=" " ind2=" " tag="043"><subfield code="a">n-us-ma</subfield></datafield><datafield ind1="0" ind2="0" tag="050"><subfield code="a">Newspaper</subfield></datafield><datafield ind1="1" ind2="4" tag="050"><subfield code="a">AN63.B74</subfield><subfield code="b">N55</subfield></datafield><datafield ind1="0" ind2="4" tag="245"><subfield code="a">The Massachusetts gazette: and the Boston weekly news-letter.</subfield></datafield><datafield ind1="3" ind2="0" tag="246"><subfield code="a">Boston weekly news letter</subfield></datafield><datafield ind1="3" ind2="0" tag="246"><subfield code="a">Massachusetts gazette</subfield></datafield><datafield ind1=" " ind2=" " tag="260"><subfield code="a">Boston [Mass.] :</subfield><subfield code="b">R. Draper,</subfield><subfield code="c">1769-1776.</subfield></datafield><datafield ind1=" " ind2=" " tag="300"><subfield code="a">v.</subfield></datafield><datafield ind1=" " ind2=" " tag="310"><subfield code="a">Weekly</subfield></datafield><datafield ind1="0" ind2=" " tag="362"><subfield code="a">No. 3443 (Sept. 28, 1769)-no. 3770 (Feb. 29, 1776).</subfield></datafield><datafield ind1=" " ind2=" " tag="500"><subfield code="a">Publisher varies: Margaret Draper and John Boyle, June 9, 1774- ; J. Howe, &lt;Oct. 13, 1775&gt;-</subfield></datafield><datafield ind1=" " ind2=" " tag="500"><subfield code="a">"Draper's" appears in dateline of masthead, - Sept. 7, 1775.</subfield></datafield><datafield ind1=" " ind2=" " tag="500"><subfield code="a">Issue of Oct. 13, 1775 has title: Massachusetts gazette, published occasionally.</subfield></datafield><datafield ind1=" " ind2=" " tag="515"><subfield code="a">Suspended Apr. 27-May 12, 1775, and: July 20-Aug. 10, 1775.</subfield></datafield><datafield ind1=" " ind2=" " tag="530"><subfield code="a">Available on microopaque and microfilm from Readex Microprint Corp. ; Microfilming Corp. of America, Birth of America Series.</subfield></datafield><datafield ind1=" " ind2="0" tag="651"><subfield code="a">Boston (Mass.)</subfield><subfield code="v">Newspapers.</subfield></datafield><datafield ind1=" " ind2="0" tag="651"><subfield code="a">Suffolk County (Mass.)</subfield><subfield code="v">Newspapers.</subfield></datafield><datafield ind1=" " ind2="7" tag="655"><subfield code="a">Newspapers.</subfield><subfield code="2">fast</subfield><subfield code="0">(OCoLC)fst01423814</subfield></datafield><datafield ind1=" " ind2="7" tag="651"><subfield code="a">Massachusetts</subfield><subfield code="z">Boston.</subfield><subfield code="2">fast</subfield><subfield code="0">(OCoLC)fst01205012</subfield></datafield><datafield ind1=" " ind2="7" tag="651"><subfield code="a">Massachusetts</subfield><subfield code="z">Suffolk County.</subfield><subfield code="2">fast</subfield><subfield code="0">(OCoLC)fst01206189</subfield></datafield><datafield ind1="1" ind2=" " tag="700"><subfield code="a">Draper, Richard,</subfield><subfield code="d">1727-1774.</subfield></datafield><datafield ind1="1" ind2=" " tag="700"><subfield code="a">Draper, Margaret,</subfield><subfield code="d">1727-1807?</subfield></datafield><datafield ind1="1" ind2=" " tag="700"><subfield code="a">Boyle, John,</subfield><subfield code="d">1746-1819.</subfield></datafield><datafield ind1="1" ind2=" " tag="700"><subfield code="a">Howe, John,</subfield><subfield code="d">1754-1835.</subfield></datafield><datafield ind1=" " ind2=" " tag="752"><subfield code="a">United States</subfield><subfield code="b">Massachusetts</subfield><subfield code="c">Suffolk</subfield><subfield code="d">Boston.</subfield></datafield><datafield ind1="0" ind2="4" tag="780"><subfield code="t">Massachusetts gazette (Boston, Mass. : 1768)</subfield><subfield code="w">(DLC)sn 84031417</subfield><subfield code="w">(OCoLC)11011773</subfield></datafield><datafield ind1="0" ind2="4" tag="780"><subfield code="t">Boston weekly news-letter (Boston, Mass. : 1768)</subfield><subfield code="w">(DLC)sn 83020407</subfield><subfield code="w">(OCoLC)9861911</subfield></datafield><datafield ind1=" " ind2=" " tag="850"><subfield code="a">MH</subfield></datafield><datafield ind1=" " ind2=" " tag="938"><subfield code="a">Kirtas Technologies, Inc.</subfield><subfield code="b">KRTS</subfield><subfield code="n">737382</subfield></datafield></record>